
@article{willer_discovery_2013,
	title = {Discovery and refinement of loci associated with lipid levels},
	volume = {45},
	issn = {1061-4036, 1546-1718},
	url = {http://www.nature.com/doifinder/10.1038/ng.2797},
	doi = {10.1038/ng.2797},
	pages = {1274--1283},
	number = {11},
	journaltitle = {Nature Genetics},
	author = {Willer, Cristen J and Schmidt, Ellen M and Sengupta, Sebanti and Peloso, Gina M and Gustafsson, Stefan and Kanoni, Stavroula and Ganna, Andrea and Chen, Jin and Buchkovich, Martin L and Mora, Samia and Beckmann, Jacques S and Bragg-Gresham, Jennifer L and Chang, Hsing-Yi and Demirkan, Ayşe and Den Hertog, Heleen M and Do, Ron and Donnelly, Louise A and Ehret, Georg B and Esko, Tõnu and Feitosa, Mary F and Ferreira, Teresa and Fischer, Krista and Fontanillas, Pierre and Fraser, Ross M and Freitag, Daniel F and Gurdasani, Deepti and Heikkilä, Kauko and Hyppönen, Elina and Isaacs, Aaron and Jackson, Anne U and Johansson, Åsa and Johnson, Toby and Kaakinen, Marika and Kettunen, Johannes and Kleber, Marcus E and Li, Xiaohui and Luan, Jian'an and Lyytikäinen, Leo-Pekka and Magnusson, Patrik K E and Mangino, Massimo and Mihailov, Evelin and Montasser, May E and Müller-Nurasyid, Martina and Nolte, Ilja M and O'Connell, Jeffrey R and Palmer, Cameron D and Perola, Markus and Petersen, Ann-Kristin and Sanna, Serena and Saxena, Richa and Service, Susan K and Shah, Sonia and Shungin, Dmitry and Sidore, Carlo and Song, Ci and Strawbridge, Rona J and Surakka, Ida and Tanaka, Toshiko and Teslovich, Tanya M and Thorleifsson, Gudmar and Van den Herik, Evita G and Voight, Benjamin F and Volcik, Kelly A and Waite, Lindsay L and Wong, Andrew and Wu, Ying and Zhang, Weihua and Absher, Devin and Asiki, Gershim and Barroso, Inês and Been, Latonya F and Bolton, Jennifer L and Bonnycastle, Lori L and Brambilla, Paolo and Burnett, Mary S and Cesana, Giancarlo and Dimitriou, Maria and Doney, Alex S F and Döring, Angela and Elliott, Paul and Epstein, Stephen E and Eyjolfsson, Gudmundur Ingi and Gigante, Bruna and Goodarzi, Mark O and Grallert, Harald and Gravito, Martha L and Groves, Christopher J and Hallmans, Göran and Hartikainen, Anna-Liisa and Hayward, Caroline and Hernandez, Dena and Hicks, Andrew A and Holm, Hilma and Hung, Yi-Jen and Illig, Thomas and Jones, Michelle R and Kaleebu, Pontiano and Kastelein, John J P and Khaw, Kay-Tee and Kim, Eric and Klopp, Norman and Komulainen, Pirjo and Kumari, Meena and Langenberg, Claudia and Lehtimäki, Terho and Lin, Shih-Yi and Lindström, Jaana and Loos, Ruth J F and Mach, François and {McArdle}, Wendy L and Meisinger, Christa and Mitchell, Braxton D and Müller, Gabrielle and Nagaraja, Ramaiah and Narisu, Narisu and Nieminen, Tuomo V M and Nsubuga, Rebecca N and Olafsson, Isleifur and Ong, Ken K and Palotie, Aarno and Papamarkou, Theodore and Pomilla, Cristina and Pouta, Anneli and Rader, Daniel J and Reilly, Muredach P and Ridker, Paul M and Rivadeneira, Fernando and Rudan, Igor and Ruokonen, Aimo and Samani, Nilesh and Scharnagl, Hubert and Seeley, Janet and Silander, Kaisa and Stancáková, Alena and Stirrups, Kathleen and Swift, Amy J and Tiret, Laurence and Uitterlinden, Andre G and van Pelt, L Joost and Vedantam, Sailaja and Wainwright, Nicholas and Wijmenga, Cisca and Wild, Sarah H and Willemsen, Gonneke and Wilsgaard, Tom and Wilson, James F and Young, Elizabeth H and Zhao, Jing Hua and Adair, Linda S and Arveiler, Dominique and Assimes, Themistocles L and Bandinelli, Stefania and Bennett, Franklyn and Bochud, Murielle and Boehm, Bernhard O and Boomsma, Dorret I and Borecki, Ingrid B and Bornstein, Stefan R and Bovet, Pascal and Burnier, Michel and Campbell, Harry and Chakravarti, Aravinda and Chambers, John C and Chen, Yii-Der Ida and Collins, Francis S and Cooper, Richard S and Danesh, John and Dedoussis, George and de Faire, Ulf and Feranil, Alan B and Ferrières, Jean and Ferrucci, Luigi and Freimer, Nelson B and Gieger, Christian and Groop, Leif C and Gudnason, Vilmundur and Gyllensten, Ulf and Hamsten, Anders and Harris, Tamara B and Hingorani, Aroon and Hirschhorn, Joel N and Hofman, Albert and Hovingh, G Kees and Hsiung, Chao Agnes and Humphries, Steve E and Hunt, Steven C and Hveem, Kristian and Iribarren, Carlos and Järvelin, Marjo-Riitta and Jula, Antti and Kähönen, Mika and Kaprio, Jaakko and Kesäniemi, Antero and Kivimaki, Mika and Kooner, Jaspal S and Koudstaal, Peter J and Krauss, Ronald M and Kuh, Diana and Kuusisto, Johanna and Kyvik, Kirsten O and Laakso, Markku and Lakka, Timo A and Lind, Lars and Lindgren, Cecilia M and Martin, Nicholas G and März, Winfried and {McCarthy}, Mark I and {McKenzie}, Colin A and Meneton, Pierre and Metspalu, Andres and Moilanen, Leena and Morris, Andrew D and Munroe, Patricia B and Njølstad, Inger and Pedersen, Nancy L and Power, Chris and Pramstaller, Peter P and Price, Jackie F and Psaty, Bruce M and Quertermous, Thomas and Rauramaa, Rainer and Saleheen, Danish and Salomaa, Veikko and Sanghera, Dharambir K and Saramies, Jouko and Schwarz, Peter E H and Sheu, Wayne H-H and Shuldiner, Alan R and Siegbahn, Agneta and Spector, Tim D and Stefansson, Kari and Strachan, David P and Tayo, Bamidele O and Tremoli, Elena and Tuomilehto, Jaakko and Uusitupa, Matti and van Duijn, Cornelia M and Vollenweider, Peter and Wallentin, Lars and Wareham, Nicholas J and Whitfield, John B and Wolffenbuttel, Bruce H R and Ordovas, Jose M and Boerwinkle, Eric and Palmer, Colin N A and Thorsteinsdottir, Unnur and Chasman, Daniel I and Rotter, Jerome I and Franks, Paul W and Ripatti, Samuli and Cupples, L Adrienne and Sandhu, Manjinder S and Rich, Stephen S and Boehnke, Michael and Deloukas, Panos and Kathiresan, Sekar and Mohlke, Karen L and Ingelsson, Erik and Abecasis, Gonçalo R},
	urldate = {2015-02-02},
	date = {2013-10-06},
	keywords = {\_tablet\_modified},
	file = {ng.2797-S1.pdf:C\:\\Users\\vonholle\\AppData\\Roaming\\Mozilla\\Firefox\\Profiles\\pv1yw2jw.default\\zotero\\storage\\27RM2SZD\\ng.2797-S1.pdf:application/pdf;Willer et al_2013_Discovery and refinement of loci associated with lipid levels.pdf:C\:\\Users\\vonholle\\AppData\\Roaming\\Mozilla\\Firefox\\Profiles\\pv1yw2jw.default\\zotero\\storage\\SPCX4AAZ\\Willer et al_2013_Discovery and refinement of loci associated with lipid levels.pdf:application/pdf}
}

@article{lozoff_behavioral_2003,
	title = {Behavioral and developmental effects of preventing iron-deficiency anemia in healthy full-term infants},
	volume = {112},
	issn = {1098-4275},
	abstract = {{OBJECTIVE}: To determine the behavioral and developmental effects of preventing iron-deficiency anemia in infancy.
{METHODS}: Healthy full-term Chilean infants who were free of iron-deficiency anemia at 6 months were assigned to high- or low-iron groups or to high- or no-added-iron groups. Behavioral/developmental outcomes at 12 months of age included overall mental and motor test scores and specific measures of motor functioning, cognitive processing, and behavior. There were no differences between high- and low-iron groups in the prevalence of iron-deficiency anemia or behavioral/developmental outcome, and they were combined to form an iron-supplemented group (n = 1123) for comparison with the no-added-iron group (n = 534).
{RESULTS}: At 12 months, iron-deficiency anemia was present in 3.1\% and 22.6\% of the supplemented and unsupplemented groups, respectively. The groups differed in specific behavioral/developmental outcomes but not on global test scores. Infants who did not receive supplemental iron processed information slower. They were less likely to show positive affect, interact socially, or check their caregivers' reactions. A smaller proportion of them resisted giving up toys and test materials, and more could not be soothed by words or objects when upset. They crawled somewhat later and were more likely to be tremulous.
{CONCLUSIONS}: The results suggest that unsupplemented infants responded less positively to the physical and social environment. The observed differences seem to be congruent with current understanding of the effects of iron deficiency on the developing brain. The study shows that healthy full-term infants may receive developmental and behavioral benefits from iron supplementation in the first year of life.},
	pages = {846--854},
	number = {4},
	journaltitle = {Pediatrics},
	shortjournal = {Pediatrics},
	author = {Lozoff, Betsy and De Andraca, Isidora and Castillo, Marcela and Smith, Julia B. and Walter, Tomas and Pino, Paulina},
	date = {2003-10},
	pmid = {14523176},
	keywords = {\_tablet\_modified, Anemia, Hypochromic, Brain, Child Behavior Disorders, Chile, Developmental Disabilities, Dietary Supplements, Female, Humans, Incidence, Infant Food, Infant, Newborn, Iron, Male, Psychomotor Performance, Research Design, Treatment Outcome}
}

@article{dumitrescu_genetic_2011,
	title = {Genetic Determinants of Lipid Traits in Diverse Populations from the Population Architecture using Genomics and Epidemiology ({PAGE}) Study},
	volume = {7},
	issn = {1553-7404},
	url = {http://dx.plos.org/10.1371/journal.pgen.1002138},
	doi = {10.1371/journal.pgen.1002138},
	pages = {e1002138},
	number = {6},
	journaltitle = {{PLoS} Genetics},
	author = {Dumitrescu, Logan and Carty, Cara L. and Taylor, Kira and Schumacher, Fredrick R. and Hindorff, Lucia A. and Ambite, José L. and Anderson, Garnet and Best, Lyle G. and Brown-Gentry, Kristin and Bůžková, Petra and Carlson, Christopher S. and Cochran, Barbara and Cole, Shelley A. and Devereux, Richard B. and Duggan, Dave and Eaton, Charles B. and Fornage, Myriam and Franceschini, Nora and Haessler, Jeff and Howard, Barbara V. and Johnson, Karen C. and Laston, Sandra and Kolonel, Laurence N. and Lee, Elisa T. and {MacCluer}, Jean W. and Manolio, Teri A. and Pendergrass, Sarah A. and Quibrera, Miguel and Shohet, Ralph V. and Wilkens, Lynne R. and Haiman, Christopher A. and Le Marchand, Loïc and Buyske, Steven and Kooperberg, Charles and North, Kari E. and Crawford, Dana C.},
	editor = {Gibson, Greg},
	urldate = {2015-07-03},
	date = {2011-06-30},
	langid = {english},
	keywords = {\_tablet\_modified},
	file = {Dumitrescu et al_2011_Genetic Determinants of Lipid Traits in Diverse Populations from the Population.pdf:C\:\\Users\\vonholle\\AppData\\Roaming\\Mozilla\\Firefox\\Profiles\\pv1yw2jw.default\\zotero\\storage\\ZWFGTWTW\\journal.pgen.1002138.pdf:application/pdf}
}

@article{lozoff_iron_2006,
	title = {Iron deficiency in infancy: applying a physiologic framework for prediction},
	volume = {84},
	issn = {0002-9165},
	shorttitle = {Iron deficiency in infancy},
	abstract = {{BACKGROUND}: Infants aged 6-24 mo are at high risk of iron deficiency. Numerous studies worldwide have sought to identify predictors of iron deficiency in this age group.
{OBJECTIVE}: The objectives of the study were to apply a physiologic model to identify risk factors for iron deficiency and to consider those risk factors under different conditions of iron supplementation. We predicted that factors related to iron status at birth (lower gestational age and lower birth weight), postnatal needs for iron (more rapid growth), and bioavailable iron (more cow milk) would be major risk factors.
{DESIGN}: The physiologic framework was assessed in 1657 Chilean infants (aged 12 mo) with birth weights {\textgreater}or=3 kg who were randomly assigned at age 6 mo to high or low iron supplementation or no added iron. Based on venous blood, the analysis used mean corpuscular volume and concentrations of hemoglobin, free erythrocyte protoporphyrin, and ferritin. Logistic regression models were used to identify predictors of iron deficiency anemia and iron deficiency without anemia.
{RESULTS}: The prevalence of iron deficiency ({\textgreater}or=2 abnormal iron measures) was 34.9\% at age 12 mo. Of 186 infants with hemoglobin concentrations {\textless}110 g/L, 158 (84.9\%) were iron deficient. The only consistent (and the strongest) predictor of iron deficiency or iron deficiency anemia was lower 6-mo hemoglobin. Factors related to poorer iron status at birth (lower birth weight, shorter gestation though full-term, or both) were predictors in the no-added-iron and high-iron groups. Otherwise, predictors varied by iron supplementation.
{CONCLUSION}: Variations in predictors of iron deficiency or iron deficiency anemia according to iron supplementation suggest that direct comparisons across studies are tenuous at best without data on early iron status and certainty that specific conditions are comparable.},
	pages = {1412--1421},
	number = {6},
	journaltitle = {The American Journal of Clinical Nutrition},
	shortjournal = {Am. J. Clin. Nutr.},
	author = {Lozoff, Betsy and Kaciroti, Niko and Walter, Tomás},
	date = {2006-12},
	pmid = {17158425},
	pmcid = {PMC1892813},
	keywords = {Anemia, Iron-Deficiency, Biological Availability, Birth Weight, Chile, Dietary Supplements, Erythrocyte Indices, Female, Ferritins, Gestational Age, Hemoglobins, Humans, Infant, Infant Nutritional Physiological Phenomena, Infant Nutrition Disorders, Iron, Iron, Dietary, Logistic Models, Male, Nutritional Requirements, Nutritional Status, Predictive Value of Tests, Risk Factors, Trace Elements}
}

@article{white_systems_2015,
	title = {A Systems Genetics Approach to Dyslipidemia in Children and Adolescents},
	volume = {19},
	issn = {1536-2310, 1557-8100},
	url = {http://online.liebertpub.com/doi/10.1089/omi.2014.0140},
	doi = {10.1089/omi.2014.0140},
	abstract = {Elevated triglycerides ({TG}) or low high density lipoprotein cholesterol ({HDL}-C) levels are common cardiometabolic risk factors in children. From a systems genetics standpoint, Visualization of Statistical Epistasis Networks ({ViSEN}) is a nonparametric entropy-based method that can characterize the global structure of interacting genetic factors. We identified a novel set of connected genetic and cardiometabolic risk factors with strong and significant interaction effects on two important dyslipidemia phenotypes (low {HDL}-C and high {TG}) in children and adolescents. Study participants were recruited from five schools in Istanbul, Turkey (n=360; 170 boys, 190 girls). Participants with {TG} levels≥75th and {HDL}-C levels≤25th percentile were defined as ‘high {TG}’ and ‘low {HDL}-C’, respectively. We genotyped participants for six single nucleotide polymorphisms ({SNPs}) in five genes with known associations to lipid levels (rs328 in {LPL}, rs708272 in {CETP}, rs1800588 in {LIPC}, rs1800977 in {ABCA}1, rs1799941 and rs6257 in {SHBG} gene). {ViSEN} was used to identify associations with dyslipidemia phenotypes. There were 71 (50 males, 21 females) and 93 (60 males and 33 females) subjects with low {HDL}-C and high {TG}, respectively. Biological variables including age, gender, and {BMI} were significantly associated with both phenotypes (p{\textless}0.001). Importantly, a single {SNP}, rs708272, was associated with low {HDL}-C ({IG}=2.24\%, p=0.026). Pairwise and higher order interaction analyses in the full dataset for low {HDL}-C and high {TG} revealed the largest effects in the models containing rs1800977, rs708272, age ({IG}=6.20\%, p=0.046) and rs1800588, age, {BMI} ({IG}, 3.06\%, p=0.022), respectively. In conclusion, the present study brings us a step closer to a systems genetic approach in understanding lipid phenotypes in children. Further efforts can integrate population and laboratory-based studies, hence accelerate the preventive medicine efforts.},
	pages = {248--259},
	number = {4},
	journaltitle = {{OMICS}: A Journal of Integrative Biology},
	author = {White, Marquitta J. and Eren, Fatih and Ağırbaşlı, Deniz and Chen, Jane and Hu, Ting and Moore, Jason H. and Williams, Scott M. and Ağırbaşlı, Mehmet},
	urldate = {2016-01-22},
	date = {2015-04},
	langid = {english}
}

@article{juonala_main_2013,
	title = {Main findings from the prospective Cardiovascular Risk in Young Finns Study:},
	volume = {24},
	issn = {0957-9672},
	url = {http://content.wkhealth.com/linkback/openurl?sid=WKPTLP:landingpage&an=00041433-201302000-00010},
	doi = {10.1097/MOL.0b013e32835a7ed4},
	shorttitle = {Main findings from the prospective Cardiovascular Risk in Young Finns Study},
	pages = {57--64},
	number = {1},
	journaltitle = {Current Opinion in Lipidology},
	author = {Juonala, Markus and Viikari, Jorma S.A. and Raitakari, Olli T.},
	urldate = {2016-07-11},
	date = {2013-02},
	langid = {english},
	file = {Juonala et al_2013_Main findings from the prospective Cardiovascular Risk in Young Finns Study.pdf:C\:\\Users\\vonholle\\AppData\\Roaming\\Mozilla\\Firefox\\Profiles\\pv1yw2jw.default\\zotero\\storage\\3KW6XIQX\\00041433-201302000-00010.pdf:application/pdf}
}

@article{molto-puigmarti_genetic_2013,
	title = {Genetic Variation in {FADS} Genes and Plasma Cholesterol Levels in 2-Year-Old Infants: {KOALA} Birth Cohort Study},
	volume = {8},
	issn = {1932-6203},
	url = {http://dx.plos.org/10.1371/journal.pone.0061671},
	doi = {10.1371/journal.pone.0061671},
	shorttitle = {Genetic Variation in {FADS} Genes and Plasma Cholesterol Levels in 2-Year-Old Infants},
	pages = {e61671},
	number = {5},
	journaltitle = {{PLoS} {ONE}},
	author = {Moltó-Puigmartí, Carolina and Jansen, Eugène and Heinrich, Joachim and Standl, Marie and Mensink, Ronald P. and Plat, Jogchum and Penders, John and Mommers, Monique and Koppelman, Gerard H. and Postma, Dirkje S. and Thijs, Carel},
	editor = {Wang, Guoying},
	urldate = {2016-08-10},
	date = {2013-05-08},
	langid = {english},
	file = {Moltó-Puigmartí et al_2013_Genetic Variation in FADS Genes and Plasma Cholesterol Levels in 2-Year-Old.pdf:C\:\\Users\\vonholle\\AppData\\Roaming\\Mozilla\\Firefox\\Profiles\\pv1yw2jw.default\\zotero\\storage\\VK9P3FX3\\pone.0061671.pdf:application/pdf}
}

@article{shen_common_2013,
	title = {Common genetic variants associated with lipid profiles in a Chinese pediatric population},
	volume = {132},
	issn = {0340-6717, 1432-1203},
	url = {http://link.springer.com/10.1007/s00439-013-1332-1},
	doi = {10.1007/s00439-013-1332-1},
	pages = {1275--1285},
	number = {11},
	journaltitle = {Human Genetics},
	author = {Shen, Yue and Xi, Bo and Zhao, Xiaoyuan and Cheng, Hong and Hou, Dongqing and Wu, Lijun and Wang, Xingyu and Mi, Jie},
	urldate = {2016-08-10},
	date = {2013-11},
	langid = {english},
	file = {Shen et al_2013_Common genetic variants associated with lipid profiles in a Chinese pediatric.pdf:C\:\\Users\\vonholle\\AppData\\Roaming\\Mozilla\\Firefox\\Profiles\\pv1yw2jw.default\\zotero\\storage\\3GHNZ4GP\\art%3A10.1007%2Fs00439-013-1332-1.pdf:application/pdf}
}

@article{breitling_genetic_2015,
	title = {Genetic Contribution of Variants near {SORT}1 and {APOE} on {LDL} Cholesterol Independent of Obesity in Children},
	volume = {10},
	issn = {1932-6203},
	url = {http://dx.plos.org/10.1371/journal.pone.0138064},
	doi = {10.1371/journal.pone.0138064},
	pages = {e0138064},
	number = {9},
	journaltitle = {{PLOS} {ONE}},
	author = {Breitling, Clara and Gross, Arnd and Büttner, Petra and Weise, Sebastian and Schleinitz, Dorit and Kiess, Wieland and Scholz, Markus and Kovacs, Peter and Körner, Antje},
	editor = {Böttcher, Yvonne},
	urldate = {2016-08-10},
	date = {2015-09-16},
	langid = {english},
	file = {Breitling et al_2015_Genetic Contribution of Variants near SORT1 and APOE on LDL Cholesterol.pdf:C\:\\Users\\vonholle\\AppData\\Roaming\\Mozilla\\Firefox\\Profiles\\pv1yw2jw.default\\zotero\\storage\\5ZS9QS6J\\pone.0138064.pdf:application/pdf}
}

@article{punwasi_influence_2015,
	title = {The Influence of Known Genetic Variants on Subclinical Cardiovascular Outcomes in {ChildhoodCLINICAL} {PERSPECTIVE}: Generation R Study},
	volume = {8},
	issn = {1942-325X, 1942-3268},
	url = {http://circgenetics.ahajournals.org/lookup/doi/10.1161/CIRCGENETICS.114.000915},
	doi = {10.1161/CIRCGENETICS.114.000915},
	shorttitle = {The Influence of Known Genetic Variants on Subclinical Cardiovascular Outcomes in {ChildhoodCLINICAL} {PERSPECTIVE}},
	pages = {596--602},
	number = {4},
	journaltitle = {Circulation: Cardiovascular Genetics},
	author = {Punwasi, Rani V.G. and Monnereau, Claire and Hofman, Albert and Jaddoe, Vincent W.V. and Felix, Janine F.},
	urldate = {2016-08-10},
	date = {2015-08},
	langid = {english},
	file = {Circ Cardiovasc Genet-2015-Punwasi-596-602.pdf:C\:\\Users\\vonholle\\AppData\\Roaming\\Mozilla\\Firefox\\Profiles\\pv1yw2jw.default\\zotero\\storage\\5JB58FCM\\Circ Cardiovasc Genet-2015-Punwasi-596-602.pdf:application/pdf}
}

@article{parmar_international_2016,
	title = {International Genome-Wide Association Study Consortium Identifies Novel Loci Associated With Blood Pressure in Children and {AdolescentsCLINICAL} {PERSPECTIVE}},
	volume = {9},
	issn = {1942-325X, 1942-3268},
	url = {http://circgenetics.ahajournals.org/lookup/doi/10.1161/CIRCGENETICS.115.001190},
	doi = {10.1161/CIRCGENETICS.115.001190},
	pages = {266--278},
	number = {3},
	journaltitle = {Circulation: Cardiovascular Genetics},
	author = {Parmar, Priyakumari Ganesh and Taal, H. Rob and Timpson, Nicholas J. and Thiering, Elisabeth and Lehtimäki, Terho and Marinelli, Marcella and Lind, Penelope A. and Howe, Laura D. and Verwoert, Germaine and Aalto, Ville and Uitterlinden, Andre G. and Briollais, Laurent and Evans, Dave M. and Wright, Margie J. and Newnham, John P. and Whitfield, John B. and Lyytikäinen, Leo-Pekka and Rivadeneira, Fernando and Boomsma, Dorrett I. and Viikari, Jorma and Gillman, Matthew W. and St Pourcain, Beate and Hottenga, Jouke-Jan and Montgomery, Grant W. and Hofman, Albert and Kähönen, Mika and Martin, Nicholas G. and Tobin, Martin D. and Raitakari, Ollie and Vioque, Jesus and Jaddoe, Vincent W.V. and Jarvelin, Marjo-Riita and Beilin, Lawrence J. and Heinrich, Joachim and van Duijn, Cornelia M. and Pennell, Craig E. and Lawlor, Debbie A. and Palmer, Lyle J.},
	urldate = {2016-08-10},
	date = {2016-06},
	langid = {english},
	file = {Parmar et al_2016_International Genome-Wide Association Study Consortium Identifies Novel Loci.pdf:C\:\\Users\\vonholle\\AppData\\Roaming\\Mozilla\\Firefox\\Profiles\\pv1yw2jw.default\\zotero\\storage\\WKNGGSP4\\Circ Cardiovasc Genet-2016-Parmar-266-78.pdf:application/pdf}
}

@article{ameer_novo_2014,
	title = {De novo lipogenesis in health and disease},
	volume = {63},
	issn = {00260495},
	url = {http://linkinghub.elsevier.com/retrieve/pii/S0026049514001115},
	doi = {10.1016/j.metabol.2014.04.003},
	pages = {895--902},
	number = {7},
	journaltitle = {Metabolism},
	author = {Ameer, Fatima and Scandiuzzi, Lisa and Hasnain, Shahida and Kalbacher, Hubert and Zaidi, Nousheen},
	urldate = {2016-08-10},
	date = {2014-07},
	langid = {english},
	file = {Ameer et al_2014_De novo lipogenesis in health and disease.pdf:C\:\\Users\\vonholle\\AppData\\Roaming\\Mozilla\\Firefox\\Profiles\\pv1yw2jw.default\\zotero\\storage\\CS72VTHG\\1-s2.0-S0026049514001115-main.pdf:application/pdf}
}

@article{kuivenhoven_mining_2014,
	title = {Mining the genome for lipid genes},
	volume = {1842},
	issn = {09254439},
	url = {http://linkinghub.elsevier.com/retrieve/pii/S092544391400115X},
	doi = {10.1016/j.bbadis.2014.04.028},
	pages = {1993--2009},
	number = {10},
	journaltitle = {Biochimica et Biophysica Acta ({BBA}) - Molecular Basis of Disease},
	author = {Kuivenhoven, Jan Albert and Hegele, Robert A.},
	urldate = {2016-08-10},
	date = {2014-10},
	langid = {english},
	file = {Kuivenhoven_Hegele_2014_Mining the genome for lipid genes.pdf:C\:\\Users\\vonholle\\AppData\\Roaming\\Mozilla\\Firefox\\Profiles\\pv1yw2jw.default\\zotero\\storage\\E7UGUZW2\\1-s2.0-S092544391400115X-main-1.pdf:application/pdf}
}

@article{frayling_genome-wide_2014,
	title = {Genome-wide association studies: the good, the bad and the ugly},
	volume = {14},
	issn = {1470-2118, 1473-4893},
	url = {http://www.clinmed.rcpjournal.org/cgi/doi/10.7861/clinmedicine.14-4-428},
	doi = {10.7861/clinmedicine.14-4-428},
	shorttitle = {Genome-wide association studies},
	pages = {428--431},
	number = {4},
	journaltitle = {Clinical Medicine},
	author = {Frayling, T.},
	urldate = {2016-08-10},
	date = {2014-08-01},
	langid = {english},
	file = {Frayling_2014_Genome-wide association studies.pdf:C\:\\Users\\vonholle\\AppData\\Roaming\\Mozilla\\Firefox\\Profiles\\pv1yw2jw.default\\zotero\\storage\\MI5X2AIZ\\out-1.pdf:application/pdf}
}

@article{simpson_creating_2015,
	title = {Creating a Data Analysis Plan: What to Consider When Choosing Statistics for a Study},
	volume = {68},
	issn = {0008-4123},
	url = {http://www.ncbi.nlm.nih.gov/pmc/articles/PMC4552232/},
	shorttitle = {Creating a Data Analysis Plan},
	pages = {311--317},
	number = {4},
	journaltitle = {The Canadian Journal of Hospital Pharmacy},
	shortjournal = {Can J Hosp Pharm},
	author = {Simpson, Scot H},
	urldate = {2016-08-11},
	date = {2015},
	pmid = {26327705},
	pmcid = {PMC4552232},
	file = {Simpson_2015_Creating a Data Analysis Plan.pdf:C\:\\Users\\vonholle\\AppData\\Roaming\\Mozilla\\Firefox\\Profiles\\pv1yw2jw.default\\zotero\\storage\\AMN9B7CE\\Simpson_2015_Creating a Data Analysis Plan.pdf:application/pdf}
}

@online{_statistical_????,
	title = {Statistical Analysis Plans ({SAP}) {\textgreater} Yale Center for Analytical Sciences {\textbar} Yale School of Public Health},
	url = {http://ycas.yale.edu/dcc/saplans.aspx},
	urldate = {2016-08-11},
	file = {Statistical Analysis Plans (SAP) > Yale Center for Analytical Sciences | Yale School of Public Health:C\:\\Users\\vonholle\\AppData\\Roaming\\Mozilla\\Firefox\\Profiles\\pv1yw2jw.default\\zotero\\storage\\QG66IDTR\\saplans.html:text/html}
}

@article{eisenach_reporting_2016,
	title = {Reporting of Observational Research in {ANESTHESIOLOGY}: The Importance of the Analysis Plan},
	volume = {124},
	issn = {0003-3022},
	url = {http://content.wkhealth.com/linkback/openurl?sid=WKPTLP:landingpage&an=00000542-201605000-00014},
	doi = {10.1097/ALN.0000000000001072},
	shorttitle = {Reporting of Observational Research in {ANESTHESIOLOGY}},
	pages = {998--1000},
	number = {5},
	journaltitle = {Anesthesiology},
	author = {Eisenach, James C. and Kheterpal, Sachin and Houle, Timothy T.},
	urldate = {2016-08-11},
	date = {2016-05},
	langid = {english},
	file = {Eisenach et al_2016_Reporting of Observational Research in ANESTHESIOLOGY.pdf:C\:\\Users\\vonholle\\AppData\\Roaming\\Mozilla\\Firefox\\Profiles\\pv1yw2jw.default\\zotero\\storage\\JAC3H6D5\\00000542-201605000-00014.pdf:application/pdf}
}

@article{thomas_value_2012,
	title = {The Value of Statistical Analysis Plans in Observational Research: Defining High-Quality Research From the Start},
	volume = {308},
	issn = {0098-7484},
	url = {http://jama.jamanetwork.com/article.aspx?doi=10.1001/jama.2012.9502},
	doi = {10.1001/jama.2012.9502},
	shorttitle = {The Value of Statistical Analysis Plans in Observational Research},
	pages = {773},
	number = {8},
	journaltitle = {{JAMA}},
	author = {Thomas, Laine and Peterson, Eric D.},
	urldate = {2016-08-11},
	date = {2012-08-22},
	langid = {english},
	file = {Thomas_Peterson_2012_The Value of Statistical Analysis Plans in Observational Research.pdf:C\:\\Users\\vonholle\\AppData\\Roaming\\Mozilla\\Firefox\\Profiles\\pv1yw2jw.default\\zotero\\storage\\DIWMF284\\jvp120056_773_774.pdf:application/pdf}
}

@article{tikkanen_association_2011,
	title = {Association of Known Loci With Lipid Levels Among Children and Prediction of Dyslipidemia in Adults},
	volume = {4},
	issn = {1942-325X, 1942-3268},
	url = {http://circgenetics.ahajournals.org/cgi/doi/10.1161/CIRCGENETICS.111.960369},
	doi = {10.1161/CIRCGENETICS.111.960369},
	pages = {673--680},
	number = {6},
	journaltitle = {Circulation: Cardiovascular Genetics},
	author = {Tikkanen, E. and Tuovinen, T. and Widen, E. and Lehtimaki, T. and Viikari, J. and Kahonen, M. and Peltonen, L. and Raitakari, O. T. and Ripatti, S.},
	urldate = {2016-08-15},
	date = {2011-12-01},
	langid = {english},
	file = {960369_supplemental_material.pdf:C\:\\Users\\vonholle\\AppData\\Roaming\\Mozilla\\Firefox\\Profiles\\pv1yw2jw.default\\zotero\\storage\\A73REBGR\\960369_supplemental_material.pdf:application/pdf;Tikkanen et al_2011_Association of Known Loci With Lipid Levels Among Children and Prediction of.pdf:C\:\\Users\\vonholle\\AppData\\Roaming\\Mozilla\\Firefox\\Profiles\\pv1yw2jw.default\\zotero\\storage\\GWHRWT8F\\Circ Cardiovasc Genet-2011-Tikkanen-673-80.pdf:application/pdf}
}

@article{buscot_combined_2016,
	title = {The Combined Effect of Common Genetic Risk Variants on Circulating Lipoproteins Is Evident in Childhood: A Longitudinal Analysis of the Cardiovascular Risk in Young Finns Study},
	volume = {11},
	issn = {1932-6203},
	url = {http://dx.plos.org/10.1371/journal.pone.0146081},
	doi = {10.1371/journal.pone.0146081},
	shorttitle = {The Combined Effect of Common Genetic Risk Variants on Circulating Lipoproteins Is Evident in Childhood},
	pages = {e0146081},
	number = {1},
	journaltitle = {{PLOS} {ONE}},
	author = {Buscot, Marie-jeanne and Magnussen, Costan G. and Juonala, Markus and Pitkänen, Niina and Lehtimäki, Terho and Viikari, Jorma S. A. and Kähönen, Mika and Hutri-Kähönen, Nina and Schork, Nicholas J. and Raitakari, Olli T. and Thomson, Russell J.},
	editor = {Fardo, David},
	urldate = {2016-08-15},
	date = {2016-01-05},
	langid = {english},
	file = {Buscot et al_2016_The Combined Effect of Common Genetic Risk Variants on Circulating Lipoproteins.pdf:C\:\\Users\\vonholle\\AppData\\Roaming\\Mozilla\\Firefox\\Profiles\\pv1yw2jw.default\\zotero\\storage\\FR3ZQP95\\pone.0146081.pdf:application/pdf;journal.pone.0146081.s006.PDF:C\:\\Users\\vonholle\\AppData\\Roaming\\Mozilla\\Firefox\\Profiles\\pv1yw2jw.default\\zotero\\storage\\XDGS4N76\\journal.pone.0146081.s006.PDF:application/pdf;journal.pone.0146081.s007.DOCX:C\:\\Users\\vonholle\\AppData\\Roaming\\Mozilla\\Firefox\\Profiles\\pv1yw2jw.default\\zotero\\storage\\NJ53W6AZ\\journal.pone.0146081.s007.DOCX:application/vnd.openxmlformats-officedocument.wordprocessingml.document;journal.pone.0146081.s008.DOCX:C\:\\Users\\vonholle\\AppData\\Roaming\\Mozilla\\Firefox\\Profiles\\pv1yw2jw.default\\zotero\\storage\\EW3DZ3I8\\journal.pone.0146081.s008.DOCX:application/vnd.openxmlformats-officedocument.wordprocessingml.document;journal.pone.0146081.s009.DOCX:C\:\\Users\\vonholle\\AppData\\Roaming\\Mozilla\\Firefox\\Profiles\\pv1yw2jw.default\\zotero\\storage\\8ZVNNHSB\\journal.pone.0146081.s009.DOCX:application/vnd.openxmlformats-officedocument.wordprocessingml.document;S1_Appendix.docx:C\:\\Users\\vonholle\\AppData\\Roaming\\Mozilla\\Firefox\\Profiles\\pv1yw2jw.default\\zotero\\storage\\FSU4PNC8\\S1_Appendix.docx:application/vnd.openxmlformats-officedocument.wordprocessingml.document}
}

@article{teslovich_biological_2010,
	title = {Biological, clinical and population relevance of 95 loci for blood lipids},
	volume = {466},
	issn = {0028-0836, 1476-4687},
	url = {http://www.nature.com/doifinder/10.1038/nature09270},
	doi = {10.1038/nature09270},
	pages = {707--713},
	number = {7307},
	journaltitle = {Nature},
	author = {Teslovich, Tanya M. and Musunuru, Kiran and Smith, Albert V. and Edmondson, Andrew C. and Stylianou, Ioannis M. and Koseki, Masahiro and Pirruccello, James P. and Ripatti, Samuli and Chasman, Daniel I. and Willer, Cristen J. and Johansen, Christopher T. and Fouchier, Sigrid W. and Isaacs, Aaron and Peloso, Gina M. and Barbalic, Maja and Ricketts, Sally L. and Bis, Joshua C. and Aulchenko, Yurii S. and Thorleifsson, Gudmar and Feitosa, Mary F. and Chambers, John and Orho-Melander, Marju and Melander, Olle and Johnson, Toby and Li, Xiaohui and Guo, Xiuqing and Li, Mingyao and Shin Cho, Yoon and Jin Go, Min and Jin Kim, Young and Lee, Jong-Young and Park, Taesung and Kim, Kyunga and Sim, Xueling and Twee-Hee Ong, Rick and Croteau-Chonka, Damien C. and Lange, Leslie A. and Smith, Joshua D. and Song, Kijoung and Hua Zhao, Jing and Yuan, Xin and Luan, Jian’an and Lamina, Claudia and Ziegler, Andreas and Zhang, Weihua and Zee, Robert Y. L. and Wright, Alan F. and Witteman, Jacqueline C. M. and Wilson, James F. and Willemsen, Gonneke and Wichmann, H.-Erich and Whitfield, John B. and Waterworth, Dawn M. and Wareham, Nicholas J. and Waeber, Gérard and Vollenweider, Peter and Voight, Benjamin F. and Vitart, Veronique and Uitterlinden, Andre G. and Uda, Manuela and Tuomilehto, Jaakko and Thompson, John R. and Tanaka, Toshiko and Surakka, Ida and Stringham, Heather M. and Spector, Tim D. and Soranzo, Nicole and Smit, Johannes H. and Sinisalo, Juha and Silander, Kaisa and Sijbrands, Eric J. G. and Scuteri, Angelo and Scott, James and Schlessinger, David and Sanna, Serena and Salomaa, Veikko and Saharinen, Juha and Sabatti, Chiara and Ruokonen, Aimo and Rudan, Igor and Rose, Lynda M. and Roberts, Robert and Rieder, Mark and Psaty, Bruce M. and Pramstaller, Peter P. and Pichler, Irene and Perola, Markus and Penninx, Brenda W. J. H. and Pedersen, Nancy L. and Pattaro, Cristian and Parker, Alex N. and Pare, Guillaume and Oostra, Ben A. and O’Donnell, Christopher J. and Nieminen, Markku S. and Nickerson, Deborah A. and Montgomery, Grant W. and Meitinger, Thomas and {McPherson}, Ruth and {McCarthy}, Mark I. and {McArdle}, Wendy and Masson, David and Martin, Nicholas G. and Marroni, Fabio and Mangino, Massimo and Magnusson, Patrik K. E. and Lucas, Gavin and Luben, Robert and Loos, Ruth J. F. and Lokki, Marja-Liisa and Lettre, Guillaume and Langenberg, Claudia and Launer, Lenore J. and Lakatta, Edward G. and Laaksonen, Reijo and Kyvik, Kirsten O. and Kronenberg, Florian and König, Inke R. and Khaw, Kay-Tee and Kaprio, Jaakko and Kaplan, Lee M. and Johansson, Åsa and Jarvelin, Marjo-Riitta and Cecile J. W. Janssens, A. and Ingelsson, Erik and Igl, Wilmar and Kees Hovingh, G. and Hottenga, Jouke-Jan and Hofman, Albert and Hicks, Andrew A. and Hengstenberg, Christian and Heid, Iris M. and Hayward, Caroline and Havulinna, Aki S. and Hastie, Nicholas D. and Harris, Tamara B. and Haritunians, Talin and Hall, Alistair S. and Gyllensten, Ulf and Guiducci, Candace and Groop, Leif C. and Gonzalez, Elena and Gieger, Christian and Freimer, Nelson B. and Ferrucci, Luigi and Erdmann, Jeanette and Elliott, Paul and Ejebe, Kenechi G. and Döring, Angela and Dominiczak, Anna F. and Demissie, Serkalem and Deloukas, Panagiotis and de Geus, Eco J. C. and de Faire, Ulf and Crawford, Gabriel and Collins, Francis S. and Chen, Yii-der I. and Caulfield, Mark J. and Campbell, Harry and Burtt, Noel P. and Bonnycastle, Lori L. and Boomsma, Dorret I. and Boekholdt, S. Matthijs and Bergman, Richard N. and Barroso, Inês and Bandinelli, Stefania and Ballantyne, Christie M. and Assimes, Themistocles L. and Quertermous, Thomas and Altshuler, David and Seielstad, Mark and Wong, Tien Y. and Tai, E-Shyong and Feranil, Alan B. and Kuzawa, Christopher W. and Adair, Linda S. and Taylor Jr, Herman A. and Borecki, Ingrid B. and Gabriel, Stacey B. and Wilson, James G. and Holm, Hilma and Thorsteinsdottir, Unnur and Gudnason, Vilmundur and Krauss, Ronald M. and Mohlke, Karen L. and Ordovas, Jose M. and Munroe, Patricia B. and Kooner, Jaspal S. and Tall, Alan R. and Hegele, Robert A. and Kastelein, John J.P. and Schadt, Eric E. and Rotter, Jerome I. and Boerwinkle, Eric and Strachan, David P. and Mooser, Vincent and Stefansson, Kari and Reilly, Muredach P. and Samani, Nilesh J and Schunkert, Heribert and Cupples, L. Adrienne and Sandhu, Manjinder S. and Ridker, Paul M and Rader, Daniel J. and van Duijn, Cornelia M. and Peltonen, Leena and Abecasis, Gonçalo R. and Boehnke, Michael and Kathiresan, Sekar},
	urldate = {2016-08-15},
	date = {2010-08-05},
	file = {Teslovich et al_2010_Biological, clinical and population relevance of 95 loci for blood lipids.pdf:C\:\\Users\\vonholle\\AppData\\Roaming\\Mozilla\\Firefox\\Profiles\\pv1yw2jw.default\\zotero\\storage\\4EQCDZ9X\\nature09270.pdf:application/pdf}
}

@article{anderson_data_2010,
	title = {Data quality control in genetic case-control association studies},
	volume = {5},
	issn = {1754-2189, 1750-2799},
	url = {http://www.nature.com/doifinder/10.1038/nprot.2010.116},
	doi = {10.1038/nprot.2010.116},
	pages = {1564--1573},
	number = {9},
	journaltitle = {Nature Protocols},
	author = {Anderson, Carl A and Pettersson, Fredrik H and Clarke, Geraldine M and Cardon, Lon R and Morris, Andrew P and Zondervan, Krina T},
	urldate = {2016-08-15},
	date = {2010-09},
	file = {Anderson et al_2010_Data quality control in genetic case-control association studies.pdf:C\:\\Users\\vonholle\\AppData\\Roaming\\Mozilla\\Firefox\\Profiles\\pv1yw2jw.default\\zotero\\storage\\EIM23BNK\\ukmss-33586.pdf:application/pdf}
}

@article{laurie_quality_2010,
	title = {Quality control and quality assurance in genotypic data for genome-wide association studies},
	volume = {34},
	issn = {07410395},
	url = {http://doi.wiley.com/10.1002/gepi.20516},
	doi = {10.1002/gepi.20516},
	pages = {591--602},
	number = {6},
	journaltitle = {Genetic Epidemiology},
	author = {Laurie, Cathy C. and Doheny, Kimberly F. and Mirel, Daniel B. and Pugh, Elizabeth W. and Bierut, Laura J. and Bhangale, Tushar and Boehm, Frederick and Caporaso, Neil E. and Cornelis, Marilyn C. and Edenberg, Howard J. and Gabriel, Stacy B. and Harris, Emily L. and Hu, Frank B. and Jacobs, Kevin B. and Kraft, Peter and Landi, Maria Teresa and Lumley, Thomas and Manolio, Teri A. and McHugh, Caitlin and Painter, Ian and Paschall, Justin and Rice, John P. and Rice, Kenneth M. and Zheng, Xiuwen and Weir, Bruce S. and {for the GENEVA Investigators}},
	urldate = {2016-08-15},
	date = {2010-09},
	langid = {english},
	file = {nihms257701.pdf:C\:\\Users\\vonholle\\AppData\\Roaming\\Mozilla\\Firefox\\Profiles\\pv1yw2jw.default\\zotero\\storage\\4BAF2NNP\\nihms257701.pdf:application/pdf}
}

@article{patnala_candidate_2013,
	title = {Candidate gene association studies: a comprehensive guide to useful in silico tools},
	volume = {14},
	issn = {1471-2156},
	url = {http://bmcgenet.biomedcentral.com/articles/10.1186/1471-2156-14-39},
	doi = {10.1186/1471-2156-14-39},
	shorttitle = {Candidate gene association studies},
	pages = {39},
	number = {1},
	journaltitle = {{BMC} Genetics},
	author = {Patnala, Radhika and Clements, Judith and Batra, Jyotsna},
	urldate = {2016-08-14},
	date = {2013},
	langid = {english},
	file = {Patnala et al_2013_Candidate gene association studies.pdf:C\:\\Users\\vonholle\\AppData\\Roaming\\Mozilla\\Firefox\\Profiles\\pv1yw2jw.default\\zotero\\storage\\U2CVXPFS\\art%3A10.1186%2F1471-2156-14-39.pdf:application/pdf}
}

@article{lunn_generic_2009,
	title = {Generic reversible jump {MCMC} using graphical models},
	volume = {19},
	issn = {0960-3174, 1573-1375},
	url = {http://link.springer.com/10.1007/s11222-008-9100-0},
	doi = {10.1007/s11222-008-9100-0},
	pages = {395--408},
	number = {4},
	journaltitle = {Statistics and Computing},
	author = {Lunn, David J. and Best, Nicky and Whittaker, John C.},
	urldate = {2016-08-13},
	date = {2009-12},
	langid = {english}
}

@article{kang_inferring_2014,
	title = {Inferring Gene Network from Candidate {SNP} Association Studies Using a Bayesian Graphical Model: Application to a Breast Cancer Case-Control Study from Ontario},
	volume = {78},
	issn = {0001-5652, 1423-0062},
	url = {http://www.karger.com/?doi=10.1159/000365923},
	doi = {10.1159/000365923},
	shorttitle = {Inferring Gene Network from Candidate {SNP} Association Studies Using a Bayesian Graphical Model},
	pages = {140--152},
	number = {3},
	journaltitle = {Human Heredity},
	author = {Kang, Sohee and Savas, Sevtap and Ozcelik, Hilmi and Briollais, Laurent},
	urldate = {2016-08-13},
	date = {2014-10-23},
	langid = {english}
}

@article{tabor_opinioncandidate-gene_2002,
	title = {{OPINIONCandidate}-gene approaches for studying complex genetic traits: practical considerations},
	volume = {3},
	issn = {14710056},
	url = {http://www.nature.com/doifinder/10.1038/nrg796},
	doi = {10.1038/nrg796},
	shorttitle = {{OPINIONCandidate}-gene approaches for studying complex genetic traits},
	pages = {391--397},
	number = {5},
	journaltitle = {Nature Reviews Genetics},
	author = {Tabor, Holly K. and Risch, Neil J. and Myers, Richard M.},
	urldate = {2016-08-14},
	date = {2002-05-01},
	file = {Tabor et al_2002_OPINIONCandidate-gene approaches for studying complex genetic traits.pdf:C\:\\Users\\vonholle\\AppData\\Roaming\\Mozilla\\Firefox\\Profiles\\pv1yw2jw.default\\zotero\\storage\\HWF365JJ\\out-1.pdf:application/pdf}
}

@online{_clinical_data_access_request_sample_sap.pdf_????,
	title = {Clinical\_Data\_Access\_Request\_Sample\_SAP.pdf},
	url = {https://www.pfizer.com/files/research/research_clinical_trials/Clinical_Data_Access_Request_Sample_SAP.pdf},
	urldate = {2016-08-12}
}

@article{hong_sample_2012,
	title = {Sample Size and Statistical Power Calculation in Genetic Association Studies},
	volume = {10},
	issn = {1598-866X, 2234-0742},
	url = {http://synapse.koreamed.org/DOIx.php?id=10.5808/GI.2012.10.2.117},
	doi = {10.5808/GI.2012.10.2.117},
	pages = {117},
	number = {2},
	journaltitle = {Genomics \& Informatics},
	author = {Hong, Eun Pyo and Park, Ji Wan},
	urldate = {2016-08-16},
	date = {2012},
	langid = {english},
	file = {Hong_Park_2012_Sample Size and Statistical Power Calculation in Genetic Association Studies.pdf:C\:\\Users\\vonholle\\AppData\\Roaming\\Mozilla\\Firefox\\Profiles\\pv1yw2jw.default\\zotero\\storage\\PHP5BMJQ\\gni-10-117.pdf:application/pdf}
}

@article{tabangin_effect_2009,
	title = {The effect of minor allele frequency on the likelihood of obtaining false positives},
	volume = {3},
	issn = {1753-6561},
	url = {http://bmcproc.biomedcentral.com/articles/10.1186/1753-6561-3-S7-S41},
	doi = {10.1186/1753-6561-3-S7-S41},
	pages = {S41},
	issue = {Suppl 7},
	journaltitle = {{BMC} Proceedings},
	author = {Tabangin, Meredith E and Woo, Jessica G and Martin, Lisa J},
	urldate = {2016-08-16},
	date = {2009},
	langid = {english},
	file = {Tabangin et al_2009_The effect of minor allele frequency on the likelihood of obtaining false.pdf:C\:\\Users\\vonholle\\AppData\\Roaming\\Mozilla\\Firefox\\Profiles\\pv1yw2jw.default\\zotero\\storage\\V4W6ZF4G\\1753-6561-3-S7-S41.pdf:application/pdf}
}

@article{moonesinghe_required_2008,
	title = {Required sample size and nonreplicability thresholds for heterogeneous genetic associations},
	volume = {105},
	issn = {0027-8424, 1091-6490},
	url = {http://www.pnas.org/cgi/doi/10.1073/pnas.0705554105},
	doi = {10.1073/pnas.0705554105},
	pages = {617--622},
	number = {2},
	journaltitle = {Proceedings of the National Academy of Sciences},
	author = {Moonesinghe, R. and Khoury, M. J. and Liu, T. and Ioannidis, J. P. A.},
	urldate = {2016-08-16},
	date = {2008-01-15},
	langid = {english},
	file = {Moonesinghe et al_2008_Required sample size and nonreplicability thresholds for heterogeneous genetic.pdf:C\:\\Users\\vonholle\\AppData\\Roaming\\Mozilla\\Firefox\\Profiles\\pv1yw2jw.default\\zotero\\storage\\D7XQJ9K8\\PNAS-2008-Moonesinghe-617-22-2.pdf:application/pdf}
}

@article{park_distribution_2011,
	title = {Distribution of allele frequencies and effect sizes and their interrelationships for common genetic susceptibility variants},
	volume = {108},
	issn = {0027-8424, 1091-6490},
	url = {http://www.pnas.org/cgi/doi/10.1073/pnas.1114759108},
	doi = {10.1073/pnas.1114759108},
	pages = {18026--18031},
	number = {44},
	journaltitle = {Proceedings of the National Academy of Sciences},
	author = {Park, J.-H. and Gail, M. H. and Weinberg, C. R. and Carroll, R. J. and Chung, C. C. and Wang, Z. and Chanock, S. J. and Fraumeni, J. F. and Chatterjee, N.},
	urldate = {2016-08-16},
	date = {2011-11-01},
	langid = {english},
	file = {Park et al_2011_Distribution of allele frequencies and effect sizes and their.pdf:C\:\\Users\\vonholle\\AppData\\Roaming\\Mozilla\\Firefox\\Profiles\\pv1yw2jw.default\\zotero\\storage\\QHW5V56N\\pnas.201114759.pdf:application/pdf}
}

@article{zondervan_designing_2007,
	title = {Designing candidate gene and genome-wide case–control association studies},
	volume = {2},
	issn = {1754-2189, 1750-2799},
	url = {http://www.nature.com/doifinder/10.1038/nprot.2007.366},
	doi = {10.1038/nprot.2007.366},
	pages = {2492--2501},
	number = {10},
	journaltitle = {Nature Protocols},
	author = {Zondervan, Krina T and Cardon, Lon R},
	urldate = {2016-08-16},
	date = {2007-10},
	file = {Zondervan_Cardon_2007_Designing candidate gene and genome-wide case–control association studies.pdf:C\:\\Users\\vonholle\\AppData\\Roaming\\Mozilla\\Firefox\\Profiles\\pv1yw2jw.default\\zotero\\storage\\4D6E3FBE\\emss-60398.pdf:application/pdf}
}

@article{li_challenges_2013,
	title = {Challenges in reproducibility of genetic association studies: lessons learned from the obesity field},
	volume = {37},
	issn = {0307-0565, 1476-5497},
	url = {http://www.nature.com/doifinder/10.1038/ijo.2012.82},
	doi = {10.1038/ijo.2012.82},
	shorttitle = {Challenges in reproducibility of genetic association studies},
	pages = {559--567},
	number = {4},
	journaltitle = {International Journal of Obesity},
	author = {Li, A and Meyre, D},
	urldate = {2016-08-16},
	date = {2013-04},
	file = {Li_Meyre_2013_Challenges in reproducibility of genetic association studies.pdf:C\:\\Users\\vonholle\\AppData\\Roaming\\Mozilla\\Firefox\\Profiles\\pv1yw2jw.default\\zotero\\storage\\SCUXGFHS\\out.pdf:application/pdf}
}

@article{feng_gwapower:_2011,
	title = {{GWAPower}: a statistical power calculation software for genome-wide association studies with quantitative traits},
	volume = {12},
	issn = {1471-2156},
	url = {http://bmcgenet.biomedcentral.com/articles/10.1186/1471-2156-12-12},
	doi = {10.1186/1471-2156-12-12},
	shorttitle = {{GWAPower}},
	pages = {12},
	number = {1},
	journaltitle = {{BMC} Genetics},
	author = {Feng, Sheng and Wang, Shengchu and Chen, Chia-Cheng and Lan, Lan},
	urldate = {2016-08-17},
	date = {2011},
	langid = {english}
}

@article{chen_family-based_2007,
	title = {Family-Based Association Tests for Genomewide Association Scans},
	volume = {81},
	issn = {00029297},
	url = {http://linkinghub.elsevier.com/retrieve/pii/S0002929707638695},
	doi = {10.1086/521580},
	pages = {913--926},
	number = {5},
	journaltitle = {The American Journal of Human Genetics},
	author = {Chen, Wei-Min and Abecasis, Gonçalo R.},
	urldate = {2016-08-17},
	date = {2007-11},
	langid = {english}
}

@article{sham_statistical_2014,
	title = {Statistical power and significance testing in large-scale genetic studies},
	volume = {15},
	issn = {1471-0056, 1471-0064},
	url = {http://www.nature.com/doifinder/10.1038/nrg3706},
	doi = {10.1038/nrg3706},
	pages = {335--346},
	number = {5},
	journaltitle = {Nature Reviews Genetics},
	author = {Sham, Pak C. and Purcell, Shaun M.},
	urldate = {2016-08-17},
	date = {2014-04-17},
	file = {Sham_Purcell_2014_Statistical power and significance testing in large-scale genetic studies.pdf:C\:\\Users\\vonholle\\AppData\\Roaming\\Mozilla\\Firefox\\Profiles\\pv1yw2jw.default\\zotero\\storage\\C9HH772K\\nrg3706.pdf:application/pdf}
}

@article{almasy_multipoint_1998,
	title = {Multipoint Quantitative-Trait Linkage Analysis in General Pedigrees},
	volume = {62},
	issn = {00029297},
	url = {http://linkinghub.elsevier.com/retrieve/pii/S0002929707615420},
	doi = {10.1086/301844},
	pages = {1198--1211},
	number = {5},
	journaltitle = {The American Journal of Human Genetics},
	author = {Almasy, Laura and Blangero, John},
	urldate = {2016-08-17},
	date = {1998-05},
	langid = {english}
}

@online{_powersamplesize_????,
	title = {{PowerSampleSize} {\textless} Main {\textless} Vanderbilt Biostatistics Wiki},
	url = {http://biostat.mc.vanderbilt.edu/wiki/Main/PowerSampleSize},
	urldate = {2016-08-17},
	file = {PowerSampleSize < Main < Vanderbilt Biostatistics Wiki:C\:\\Users\\vonholle\\AppData\\Roaming\\Mozilla\\Firefox\\Profiles\\pv1yw2jw.default\\zotero\\storage\\EHUPZSII\\PowerSampleSize.html:text/html}
}

@article{keebler_association_2009,
	title = {Association of Blood Lipids With Common {DNA} Sequence Variants at 19 Genetic Loci in the Multiethnic United States National Health and Nutrition Examination Survey {III}},
	volume = {2},
	issn = {1942-325X, 1942-3268},
	url = {http://circgenetics.ahajournals.org/cgi/doi/10.1161/CIRCGENETICS.108.829473},
	doi = {10.1161/CIRCGENETICS.108.829473},
	pages = {238--243},
	number = {3},
	journaltitle = {Circulation: Cardiovascular Genetics},
	author = {Keebler, M. E. and Sanders, C. L. and Surti, A. and Guiducci, C. and Burtt, N. P. and Kathiresan, S.},
	urldate = {2016-08-17},
	date = {2009-06-01},
	langid = {english},
	file = {Keebler et al_2009_Association of Blood Lipids With Common DNA Sequence Variants at 19 Genetic.pdf:C\:\\Users\\vonholle\\AppData\\Roaming\\Mozilla\\Firefox\\Profiles\\pv1yw2jw.default\\zotero\\storage\\TQGZ2N3E\\nihms126595.pdf:application/pdf}
}

@article{dudbridge_power_2013,
	title = {Power and Predictive Accuracy of Polygenic Risk Scores},
	volume = {9},
	issn = {1553-7404},
	url = {http://dx.plos.org/10.1371/journal.pgen.1003348},
	doi = {10.1371/journal.pgen.1003348},
	pages = {e1003348},
	number = {3},
	journaltitle = {{PLoS} Genetics},
	author = {Dudbridge, Frank},
	editor = {Wray, Naomi R.},
	urldate = {2016-08-17},
	date = {2013-03-21},
	langid = {english},
	file = {Dudbridge_2013_Power and Predictive Accuracy of Polygenic Risk Scores.pdf:C\:\\Users\\vonholle\\AppData\\Roaming\\Mozilla\\Firefox\\Profiles\\pv1yw2jw.default\\zotero\\storage\\C9FI72A8\\pgen.1003348.pdf:application/pdf}
}

@article{chatterjee_developing_2016,
	title = {Developing and evaluating polygenic risk prediction models for stratified disease prevention},
	volume = {17},
	issn = {1471-0056, 1471-0064},
	url = {http://www.nature.com/doifinder/10.1038/nrg.2016.27},
	doi = {10.1038/nrg.2016.27},
	pages = {392--406},
	number = {7},
	journaltitle = {Nature Reviews Genetics},
	author = {Chatterjee, Nilanjan and Shi, Jianxin and García-Closas, Montserrat},
	urldate = {2016-08-17},
	date = {2016-05-03},
	file = {Chatterjee et al_2016_Developing and evaluating polygenic risk prediction models for stratified.pdf:C\:\\Users\\vonholle\\AppData\\Roaming\\Mozilla\\Firefox\\Profiles\\pv1yw2jw.default\\zotero\\storage\\IT9XF6AN\\nrg.2016.27.pdf:application/pdf}
}

@article{chatterjee_projecting_2013,
	title = {Projecting the performance of risk prediction based on polygenic analyses of genome-wide association studies},
	volume = {45},
	issn = {1061-4036, 1546-1718},
	url = {http://www.nature.com/doifinder/10.1038/ng.2579},
	doi = {10.1038/ng.2579},
	pages = {400--405},
	number = {4},
	journaltitle = {Nature Genetics},
	author = {Chatterjee, Nilanjan and Wheeler, Bill and Sampson, Joshua and Hartge, Patricia and Chanock, Stephen J and Park, Ju-Hyun},
	urldate = {2016-08-17},
	date = {2013-03-03},
	file = {Chatterjee et al_2013_Projecting the performance of risk prediction based on polygenic analyses of.pdf:C\:\\Users\\vonholle\\AppData\\Roaming\\Mozilla\\Firefox\\Profiles\\pv1yw2jw.default\\zotero\\storage\\EKIC4J6R\\out.pdf:application/pdf}
}

@article{palla_fast_2015,
	title = {A Fast Method that Uses Polygenic Scores to Estimate the Variance Explained by Genome-wide Marker Panels and the Proportion of Variants Affecting a Trait},
	volume = {97},
	issn = {00029297},
	url = {http://linkinghub.elsevier.com/retrieve/pii/S0002929715002414},
	doi = {10.1016/j.ajhg.2015.06.005},
	pages = {250--259},
	number = {2},
	journaltitle = {The American Journal of Human Genetics},
	author = {Palla, Luigi and Dudbridge, Frank},
	urldate = {2016-08-17},
	date = {2015-08},
	langid = {english},
	file = {Palla_Dudbridge_2015_A Fast Method that Uses Polygenic Scores to Estimate the Variance Explained by.pdf:C\:\\Users\\vonholle\\AppData\\Roaming\\Mozilla\\Firefox\\Profiles\\pv1yw2jw.default\\zotero\\storage\\5529MQGQ\\1-s2.0-S0002929715002414-main.pdf:application/pdf}
}

@article{dudbridge_polygenic_2016,
	title = {Polygenic Epidemiology: Polygenic Epidemiology},
	volume = {40},
	issn = {07410395},
	url = {http://doi.wiley.com/10.1002/gepi.21966},
	doi = {10.1002/gepi.21966},
	shorttitle = {Polygenic Epidemiology},
	pages = {268--272},
	number = {4},
	journaltitle = {Genetic Epidemiology},
	author = {Dudbridge, Frank},
	urldate = {2016-08-17},
	date = {2016-05},
	langid = {english},
	file = {Dudbridge_2016_Polygenic Epidemiology.pdf:C\:\\Users\\vonholle\\AppData\\Roaming\\Mozilla\\Firefox\\Profiles\\pv1yw2jw.default\\zotero\\storage\\9JUM44JF\\Dudbridge-2016-Genetic_Epidemiology.pdf:application/pdf}
}

@online{_quick-r:_????,
	title = {Quick-R: Power Analysis},
	url = {http://www.statmethods.net/stats/power.html},
	urldate = {2016-08-17},
	file = {Quick-R\: Power Analysis:C\:\\Users\\vonholle\\AppData\\Roaming\\Mozilla\\Firefox\\Profiles\\pv1yw2jw.default\\zotero\\storage\\4QTIC7J8\\power.html:text/html}
}